@article{GAN,
    title = "What Are Generative Adversarial Networks?",
    url = "https://dzone.com/articles/what-is-a-conditional-generative-adversarial-netwo",
    addendum = "Accessed: 19.12.2023"
}

@article{CGAN,
    author = "Mehdi Mirza and Simon Osindero",
    title = "{Conditional Generative Adversarial Nets}",
    year = "2014",
    DOI = " https://doi.org/10.48550/arXiv.1411.1784"
}

@article{vnncomp2023Chat,
    title = "vnncomp2023 chat",
    url  = "https://github.com/stanleybak/vnncomp2023/issues/2",
    addendum = "Accessed: 19.12.2023"
}


@article{bashrcfix,
    title = ".bashrc fix",
    url  = "https://discuss.pytorch.org/t/libcudnn-cnn-infer-so-8-library-can-not-found/164661",
    addendum = "Accessed: 19.12.2023"
}

@article{crownrepository,
    title = "Crown repository",
    url  = "https://github.com/Verified-Intelligence/alpha-beta-CROWN",
    addendum = "Accessed: 19.12.2023"
}

@article{cganrepository,
    title = "cGAN repository",
    url  = "https://github.com/ChristopherBrix/vnncomp2023_benchmarks/tree/main/benchmarks/cgan",
    addendum = "Accessed: 19.12.2023"
}